




@misc{iot-www,
	author 			= {{Kevin Ashton}},
	title 			= {That 'Internet of Things' Thing},
	howpublished 	= {\url{http://www.rfidjournal.com/articles/view?4986}}
}
@inproceedings{iot-art,
	author 		= {ARM},
	title 		= {White Paper What the Internet of Things (IoT) Needs to Become a Reality. Global Strategy and Business Development},
	booktitle 	= {Freescale and Emerging Technologies},
	year 		= {2014},
	month 		= {June}
}
@inproceedings{kukdm-art,
	author 		= {Wojciech Baszczyk and WÅ‚odzimierz Funika},
	title 		= {Building a high-level interface with ESP8266 for management of devices in IoT},
  	booktitle    = {Proceedings of Cracow Grid Workshop},
  	organization = {ACC CYFRONET AGH},
	year 		= {2016},
	month 		= {March}
}


@misc{contiki-www,
	author 			= {{Contiki}},
	title 			= {The Open Source OS for the Internet of Things},
	howpublished 	= {\url{http://www.contiki-os.org/}}
}

@misc{contiki-hardware-www,
	author 			= {{Texas Instruments}},
	title 			= {Contiki Hardware},
	howpublished 	= {\url{http://www.contiki-os.org/hardware.html}}
}

@misc{windows-iot-www,
	author 			= {{Windows}},
	title 			= {Windows 10 IoT Core},
	howpublished 	= {\url{https://developer.microsoft.com/en-us/windows/iot}}
}


@misc{raspberry-www,
	author 			= {{Raspberry Pi Foundation}},
	title 			= {Raspberry Pi},
	howpublished 	= {\url{https://www.raspberrypi.org/}}
}

@misc{zetta-www,
	author 			= {{Zetta}},
	title 			= {An API-First Internet of Things Platform},
	howpublished 	= {\url{http://www.zettajs.org/}}
}
